@online{ids-ram,
  author = {International Data Spaces Association},
  title = {IDS RAM 4},
  year = {2023},
  url = "https://docs.internationaldataspaces.org/ids-knowledgebase/v/ids-ram-4",
}

@online{ids-ontology,
  author = {International Data Spaces Association},
  title = {IDS Ontology},
  year = {2023},
  url = {https://international-data-spaces-association.github.io/InformationModel/docs/index.html#},
}

@online{fabric,
  author = {Hyperledger Fundation},
  title = {Hyperledger Fabric},
  year = {2023},
  url = {https://www.hyperledger.org/use/fabric},
}

